%% This BibTeX bibliography file was created using BibDesk.
%% http://bibdesk.sourceforge.net/




Bott, Kristin. R Guide for Linguistic Analysis. https://docs.google.com/document/d/1WDNgzcnZQ_gZFBh1QhGTT-k5tHMP8x4VtlmRh5EYO-s/edit?usp=sharing.
“Data Binning.” Wikipedia, 15 May 2022. Wikipedia, https://en.wikipedia.org/w/index.php?title=Data_binning&oldid=1088054004.
“Linguistic Discrimination.” Wikipedia, 29 June 2022. Wikipedia, https://en.wikipedia.org/w/index.php?title=Linguistic_discrimination&oldid=1095658038.
“---.” Wikipedia, 29 June 2022. Wikipedia, https://en.wikipedia.org/w/index.php?title=Linguistic_discrimination&oldid=1095658038.
Quick Install - TeX Live - TeX Users Group. https://www.tug.org/texlive/quickinstall.html. Accessed 26 July 2022.
Quick-R: Pie Charts. https://www.statmethods.net/graphs/pie.html. Accessed 26 July 2022.
“R Guide for Linguistic Analysis - Master.” Google Docs, https://docs.google.com/document/d/1WDNgzcnZQ_gZFBh1QhGTT-k5tHMP8x4VtlmRh5EYO-s/edit?usp=sharing&usp=embed_facebook. Accessed 26 July 2022.
“R (Programming Language).” Wikipedia, 17 July 2022. Wikipedia, https://en.wikipedia.org/w/index.php?title=R_(programming_language)&oldid=1098779048.
Reed Lab of Linguistics Team. Lx Diversity and Discrimination. Reed College Linguistic Department, https://drive.google.com/drive/folders/15ICbksM94mU4KlTWObiC_YD52Zn1VldO?usp=sharing.
Reed Linguistic Research Team. Summary of What We’ve Been Doing. https://docs.google.com/document/d/1S1Xzrq4ZOKwGpPOxs2NWzmtDc1c7Lkm9dibhHHFxD18/edit.
“Rename Data Object in R (2 Examples) | Change Name of Vector & List.” Statistics Globe, https://statisticsglobe.com/rename-data-object-in-r/. Accessed 26 July 2022.
“RStudio.” Wikipedia, 19 July 2022. Wikipedia, https://en.wikipedia.org/w/index.php?title=RStudio&oldid=1099226518.
“RStudio for Dummies.” RStudio Community, 17 Nov. 2018, https://community.rstudio.com/t/rstudio-for-dummies/18403.
Split up a String into Pieces. — Str_split. https://stringr.tidyverse.org/reference/str_split.html. Accessed 26 July 2022.
